@String{pub-MIT                 = "The MIT Press"}
@String{pub-MIT:adr             = "Cambridge, MA"}
@String{pub-MCGRAW-HILL         = "Mc{\-}Graw-Hill"}
@String{pub-MCGRAW-HILL:adr     = "New York, NY, USA"}

@Misc{ParisCall2019,
  author = 	 {Expert Group Report},
  title = 	 {Paris Call: Software Source Code as Heritage for Sustainable Development},
  howpublished = {Available from https://unesdoc.unesco.org/ark:/48223/pf0000366715},
  year = 	 2019
}

@Article{swhcacm2018,
  Author	= {Abramatic, Jean-Fran\c{c}ois and Di Cosmo, Roberto and
		  Zacchiroli, Stefano},
  Title		= {Building the Universal Archive of Source Code},
  Journal	= {Commun. ACM},
  issue_date	= {October 2018},
  Volume	= {61},
  Number	= {10},
  Month		= sep,
  Year		= {2018},
  ISSN		= {0001-0782},
  Pages		= {29--31},
  numpages	= {3},
  URL		= {http://doi.acm.org/10.1145/3183558},
  DOI		= {10.1145/3183558},
  acmid		= {3183558},
  Publisher	= {ACM},
  Address	= {New York, NY, USA}
}

@Article{	  Shustek06,
  Author	= {Leonard J. Shustek},
  Title		= {What Should We Collect to Preserve the History of
		  Software?},
  Journal	= {{IEEE} Annals of the History of Computing},
  Volume	= {28},
  Number	= {4},
  Pages		= {110--112},
  Year		= {2006},
  URL		= {http://dx.doi.org/10.1109/MAHC.2006.78},
  DOI		= {10.1109/MAHC.2006.78},
  timestamp	= {Tue, 05 Jan 2016 15:36:44 +0100},
  biburl	= {http://dblp2.uni-trier.de/rec/bib/journals/annals/Shustek06},
  bibsource	= {dblp computer science bibliography, http://dblp.org}
}

@Article{	  SpinellisUnix2017,
  Author	= {Diomidis Spinellis},
  Title		= {A repository of Unix history and evolution},
  Journal	= {Empirical Software Engineering},
  Volume	= {22},
  Number	= {3},
  Pages		= {1372--1404},
  Year		= {2017},
  URL		= {https://doi.org/10.1007/s10664-016-9445-5},
  DOI		= {10.1007/s10664-016-9445-5},
  timestamp	= {Thu, 01 Jun 2017 18:57:39 +0200},
  biburl	= {http://dblp.uni-trier.de/rec/bib/journals/ese/Spinellis17},
  bibsource	= {dblp computer science bibliography, http://dblp.org}
}

@Misc{VirtualAGC,
  author = 	 {Ronald Burkey},
  title = 	 {Virtual AGC - Changelog},
  howpublished = {Available at \url{http://ibiblio.org/apollo/changes.html}},
  note = 	 {Spans years 2003 to 2019}}

@Book{Abelson:SIC85,
  author =       "Harold Abelson and Gerald J. Sussman with Julie
                 Sussman",
  title =        "Structure and Interpretation of Computer Programs",
  publisher =    pub-MIT # " and " # pub-MCGRAW-HILL,
  address =      pub-MIT:adr,
  pages =        "xx + 542",
  year =         "1985",
  ISBN =         "0-262-01077-1 (MIT Press), 0-07-000422-6
                 (McGraw-Hill)",
  ISBN-13 =      "978-0-262-01077-1 (MIT Press), 978-0-07-000422-1
                 (McGraw-Hill)",
  LCCN =         "QA76.6 .A255 1984",
}

@article{AttardiF96,
  author    = {Giuseppe Attardi and
               Tito Flagella},
  title     = {Memory Management in the PoSSo Solver},
  journal   = {J. Symb. Comput.},
  volume    = {21},
  number    = {3},
  pages     = {293--311},
  year      = {1996},
  url       = {https://doi.org/10.1006/jsco.1996.0013},
  doi       = {10.1006/jsco.1996.0013},
  timestamp = {Tue, 06 Jun 2017 22:26:33 +0200},
  biburl    = {https://dblp.org/rec/bib/journals/jsc/AttardiF96},
  bibsource = {dblp computer science bibliography, https://dblp.org}
}

@Misc{Spectrum50,
  author = 	 {Trust Collections},
  title = 	 {Introduction to Spectrum 5.0},
  howpublished = {\url{https://collectionstrust.org.uk/spectrum/spectrum-5/}},
  annote = 	 {Accessed 24 Sep 2019}
}

